@online{scipy,
ALTauthor = {author},
ALTeditor = {editor},
title = {Scipy-Cookbook Matplotlib: lotka volterra tutorial},
date = {15/10/2016},
url = {http://scipy-cookbook.readthedocs.io/items/LoktaVolterraTutorial.html},
OPTsubtitle = {subtitle},
OPTtitleaddon = {titleaddon},
OPTlanguage = {language},
OPTversion = {version},
OPTnote = {note},
OPTorganization = {organization},
OPTdate = {date},
OPTmonth = {month},
OPTyear = {year},
OPTaddendum = {addendum},
OPTpubstate = {pubstate},
OPTurldate = {urldate},
}
